@article{liu2018,
  author    = {Peter J. Liu and
               Mohammad Saleh and
               Etienne Pot and
               Ben Goodrich and
               Ryan Sepassi and
               Lukasz Kaiser and
               Noam Shazeer},
  title     = {Generating Wikipedia by Summarizing Long Sequences},
  journal = {International Conference on Learning Representations},
  year      = {2018}
},

@article{fabbri2019multi-news,
  author    = {Alexander Fabbri and
               Irene Li and
               Tianwei She and
               Suyi Li and
               Dragomir Radev},
  title     = {Multi-news: A Large-Scale Multi-Document Summarization Dataset and Abstractive Hierarchical Model},
  journal = {Proceedings of the 57th Annual Meeting of the Association for Computational Linguistics},
  pages     = {1074--1084},
  year      = {2019},
  address   = {Florence, Italy},
  publisher = {Association for Computational Linguistics}
},

@online{arxivstats,
  title   = {arXiv Statistics},
  url     = {https://info.arxiv.org/help/stats/2021_by_area/index.html},
  note    = {Accessed on September 22, 2023}
},

@inproceedings{lu2020multixscience,
  author    = {Yao Lu and
               Yue Dong and
               Laurent Charlin},
  title     = {MultiXScience: A Large-Scale Dataset for Extreme Multidocument Summarization of Scientific Articles},
  booktitle = {Proceedings of the 2020 Conference on Empirical Methods in Natural Language Processing (EMNLP)},
  pages     = {8068--8074},
  year      = {2020},
  address   = {Online},
  publisher = {Association for Computational Linguistics}
}
